@Book{bishop06:_patter_recog_machin_learn,
  author = 	 {Bishop, Christopher M.},
  title = 	 {Pattern Recognition and Machine Learning},
  publisher = 	 {Springer},
  year = 	 2006}


 @book{pml1Book,
 author = "Kevin P. Murphy",
 title = "Probabilistic Machine Learning: An introduction",
 publisher = "MIT Press",
 year = 2022,
 url = "probml.ai"
}

@book{pml2Book,
 author = "Kevin P. Murphy",
 title = "Probabilistic Machine Learning: Advanced Topics",
 publisher = "MIT Press",
 year = 2023,
 url = "http://probml.github.io/book2"
}

@Article{kriege20,
  author = 	 {Kriege, Nils M. and
Johansson, Fredrik D. and
Morris, Christopher
},
  title = 	 {A survey on graph kernels},
  journal = 	 {Applied Network Science},
  year = 	 2020,
  volume = 	 5}

@inproceedings{bernstein2019differentially,
  title={Differentially private {B}ayesian linear regression},
  author={Bernstein, Garrett and Sheldon, Daniel R},
  booktitle={Advances in Neural Information Processing Systems},
  pages={525--535},
  year={2019}
}


@Book{barber12:_bayes_reason_machin_learn,
  author = 	 {David Barber},
  title = 	 {Bayesian Reasoning and Machine Learning},
  publisher = 	 {Cambridge University Press},
  year = 	 2012}

@InProceedings{lippe23:_biscuit,
  author = 	 {Phillip Lippe and Sara Magliacane and Sindy L\"{o}we and Asano, Yuki M and Taco Cohen and Efstratios Gavves},
  title = 	 {{BISCUIT}: Causal Representation Learning from Binary Interactions},
  booktitle = {Proc.\ UAI23},
  year = 	 2023}

@article{JMLR:v15:srivastava14a,
  author  = {Nitish Srivastava and Geoffrey Hinton and Alex Krizhevsky and Ilya Sutskever and Ruslan Salakhutdinov},
  title   = {Dropout: A Simple Way to Prevent Neural Networks from Overfitting},
  journal = {Journal of Machine Learning Research},
  year    = {2014},
  volume  = {15},
  number  = {56},
  pages   = {1929--1958},
  url     = {http://jmlr.org/papers/v15/srivastava14a.html}
}